<?xml version="1.0" encoding="UTF-8"?><collection xmlns="http://www.loc.gov/MARC21/slim"><record><leader>00626nam--2200169-i-4500</leader><controlfield tag="001">000020725</controlfield><controlfield tag="002">20161230</controlfield><controlfield tag="005">20161230201033</controlfield><controlfield tag="008">060222s1000------------r-----000-0-eng-d</controlfield><datafield ind1=" " ind2=" " tag="040"><subfield code="a">IFIN-HH</subfield></datafield><datafield ind1=" " ind2=" " tag="080"><subfield code="a">538.911:544.223.42(043)</subfield></datafield><datafield ind1="1" ind2=" " tag="100"><subfield code="a">Goovaerts, Etienne</subfield></datafield><datafield ind1="1" ind2="0" tag="245"><subfield code="a">Relaxative van frenkel-type rotationele en vibrationele excitonen in diatomische moleculaire kristallen; relaxation of frenkel-type rotational and vibrational excitations in diatomic molecular crystals</subfield><subfield code="c">Etienne goovaerts</subfield></datafield><datafield ind1=" " ind2=" " tag="260"><subfield code="a">Antwerpen</subfield><subfield code="b">Universiteit Antwerpen</subfield><subfield code="c">1993</subfield></datafield><datafield ind1=" " ind2=" " tag="300"><subfield code="a">51P</subfield></datafield><datafield ind1=" " ind2=" " tag="852"><subfield code="a">80627</subfield><subfield code="c">548</subfield></datafield><datafield ind1=" " ind2=" " tag="CAT"><subfield code="a">Sys</subfield><subfield code="c">20110407</subfield><subfield code="h">095800</subfield></datafield></record></collection>